@inproceedings{joshi2017robotic,
  title={Robotic cloth manipulation for clothing assistance task using {D}ynamic {M}ovement {P}rimitives},
  author={Joshi, Ravi P. and Koganti, Nishanth and Shibata, Tomohiro},
  booktitle={Proceedings of Conference on Advances In Robotics},
  pages={0--0},
  year={2017},
  organization={ACM}
}

@inproceedings{joshi2017estimating,
  title={Estimating 3{D} {H}and {L}ocation for {C}lothing {A}ssistance {I}nitialization {U}sing {D}ynamic {M}ovement {P}rimitives},
  author={Joshi, Ravi and Perathara, Rithul and Labuguen, Rolyn and Koganti, Nishanth and Shibata, Tomohiro},
  booktitle={Submitted to Robotics Society of Japan},
  year={2017}
}
